%YAML 1.1
%TAG !u! tag:unity3d.com,2011:
--- !u!29 &1
OcclusionCullingSettings:
  m_ObjectHideFlags: 0
  serializedVersion: 2
  m_OcclusionBakeSettings:
    smallestOccluder: 5
    smallestHole: 0.25
    backfaceThreshold: 100
  m_SceneGUID: 00000000000000000000000000000000
  m_OcclusionCullingData: {fileID: 0}
--- !u!104 &2
RenderSettings:
  m_ObjectHideFlags: 0
  serializedVersion: 9
  m_Fog: 0
  m_FogColor: {r: 0.5, g: 0.5, b: 0.5, a: 1}
  m_FogMode: 3
  m_FogDensity: 0.01
  m_LinearFogStart: 0
  m_LinearFogEnd: 300
  m_AmbientSkyColor: {r: 0.212, g: 0.227, b: 0.259, a: 1}
  m_AmbientEquatorColor: {r: 0.114, g: 0.125, b: 0.133, a: 1}
  m_AmbientGroundColor: {r: 0.047, g: 0.043, b: 0.035, a: 1}
  m_AmbientIntensity: 1
  m_AmbientMode: 0
  m_SubtractiveShadowColor: {r: 0.42, g: 0.478, b: 0.627, a: 1}
  m_SkyboxMaterial: {fileID: 10304, guid: 0000000000000000f000000000000000, type: 0}
  m_HaloStrength: 0.5
  m_FlareStrength: 1
  m_FlareFadeSpeed: 3
  m_HaloTexture: {fileID: 0}
  m_SpotCookie: {fileID: 10001, guid: 0000000000000000e000000000000000, type: 0}
  m_DefaultReflectionMode: 0
  m_DefaultReflectionResolution: 128
  m_ReflectionBounces: 1
  m_ReflectionIntensity: 1
  m_CustomReflection: {fileID: 0}
  m_Sun: {fileID: 0}
  m_IndirectSpecularColor: {r: 0.44657844, g: 0.49641222, b: 0.57481694, a: 1}
  m_UseRadianceAmbientProbe: 0
--- !u!157 &3
LightmapSettings:
  m_ObjectHideFlags: 0
  serializedVersion: 11
  m_GIWorkflowMode: 0
  m_GISettings:
    serializedVersion: 2
    m_BounceScale: 1
    m_IndirectOutputScale: 1
    m_AlbedoBoost: 1
    m_TemporalCoherenceThreshold: 1
    m_EnvironmentLightingMode: 0
    m_EnableBakedLightmaps: 1
    m_EnableRealtimeLightmaps: 1
  m_LightmapEditorSettings:
    serializedVersion: 10
    m_Resolution: 2
    m_BakeResolution: 40
    m_AtlasSize: 1024
    m_AO: 0
    m_AOMaxDistance: 1
    m_CompAOExponent: 1
    m_CompAOExponentDirect: 0
    m_Padding: 2
    m_LightmapParameters: {fileID: 0}
    m_LightmapsBakeMode: 1
    m_TextureCompression: 1
    m_FinalGather: 0
    m_FinalGatherFiltering: 1
    m_FinalGatherRayCount: 256
    m_ReflectionCompression: 2
    m_MixedBakeMode: 2
    m_BakeBackend: 1
    m_PVRSampling: 1
    m_PVRDirectSampleCount: 32
    m_PVRSampleCount: 500
    m_PVRBounces: 2
    m_PVRFilterTypeDirect: 0
    m_PVRFilterTypeIndirect: 0
    m_PVRFilterTypeAO: 0
    m_PVRFilteringMode: 1
    m_PVRCulling: 1
    m_PVRFilteringGaussRadiusDirect: 1
    m_PVRFilteringGaussRadiusIndirect: 5
    m_PVRFilteringGaussRadiusAO: 2
    m_PVRFilteringAtrousPositionSigmaDirect: 0.5
    m_PVRFilteringAtrousPositionSigmaIndirect: 2
    m_PVRFilteringAtrousPositionSigmaAO: 1
    m_ShowResolutionOverlay: 1
  m_LightingDataAsset: {fileID: 0}
  m_UseShadowmask: 1
--- !u!196 &4
NavMeshSettings:
  serializedVersion: 2
  m_ObjectHideFlags: 0
  m_BuildSettings:
    serializedVersion: 2
    agentTypeID: 0
    agentRadius: 0.5
    agentHeight: 2
    agentSlope: 45
    agentClimb: 0.4
    ledgeDropHeight: 0
    maxJumpAcrossDistance: 0
    minRegionArea: 2
    manualCellSize: 0
    cellSize: 0.16666667
    manualTileSize: 0
    tileSize: 256
    accuratePlacement: 0
    debug:
      m_Flags: 0
  m_NavMeshData: {fileID: 0}
--- !u!1001 &11062987
Prefab:
  m_ObjectHideFlags: 0
  serializedVersion: 2
  m_Modification:
    m_TransformParent: {fileID: 0}
    m_Modifications:
    - target: {fileID: 4710617781031818, guid: b225b4ddb708b7c4e820abaf56de8663, type: 2}
      propertyPath: m_LocalPosition.x
      value: 405.77
      objectReference: {fileID: 0}
    - target: {fileID: 4710617781031818, guid: b225b4ddb708b7c4e820abaf56de8663, type: 2}
      propertyPath: m_LocalPosition.y
      value: 126.47
      objectReference: {fileID: 0}
    - target: {fileID: 4710617781031818, guid: b225b4ddb708b7c4e820abaf56de8663, type: 2}
      propertyPath: m_LocalPosition.z
      value: 2.521021
      objectReference: {fileID: 0}
    - target: {fileID: 4710617781031818, guid: b225b4ddb708b7c4e820abaf56de8663, type: 2}
      propertyPath: m_LocalRotation.x
      value: 0
      objectReference: {fileID: 0}
    - target: {fileID: 4710617781031818, guid: b225b4ddb708b7c4e820abaf56de8663, type: 2}
      propertyPath: m_LocalRotation.y
      value: 0
      objectReference: {fileID: 0}
    - target: {fileID: 4710617781031818, guid: b225b4ddb708b7c4e820abaf56de8663, type: 2}
      propertyPath: m_LocalRotation.z
      value: 0
      objectReference: {fileID: 0}
    - target: {fileID: 4710617781031818, guid: b225b4ddb708b7c4e820abaf56de8663, type: 2}
      propertyPath: m_LocalRotation.w
      value: 1
      objectReference: {fileID: 0}
    - target: {fileID: 4710617781031818, guid: b225b4ddb708b7c4e820abaf56de8663, type: 2}
      propertyPath: m_RootOrder
      value: 8
      objectReference: {fileID: 0}
    - target: {fileID: 1148412374390640, guid: b225b4ddb708b7c4e820abaf56de8663, type: 2}
      propertyPath: m_Name
      value: Ladrillo (4)
      objectReference: {fileID: 0}
    m_RemovedComponents: []
  m_SourcePrefab: {fileID: 100100000, guid: b225b4ddb708b7c4e820abaf56de8663, type: 2}
  m_IsPrefabAsset: 0
--- !u!1 &208874726
GameObject:
  m_ObjectHideFlags: 0
  m_CorrespondingSourceObject: {fileID: 0}
  m_PrefabInternal: {fileID: 0}
  serializedVersion: 6
  m_Component:
  - component: {fileID: 208874729}
  - component: {fileID: 208874728}
  - component: {fileID: 208874727}
  m_Layer: 0
  m_Name: Main Camera
  m_TagString: MainCamera
  m_Icon: {fileID: 0}
  m_NavMeshLayer: 0
  m_StaticEditorFlags: 0
  m_IsActive: 1
--- !u!81 &208874727
AudioListener:
  m_ObjectHideFlags: 0
  m_CorrespondingSourceObject: {fileID: 0}
  m_PrefabInternal: {fileID: 0}
  m_GameObject: {fileID: 208874726}
  m_Enabled: 1
--- !u!20 &208874728
Camera:
  m_ObjectHideFlags: 0
  m_CorrespondingSourceObject: {fileID: 0}
  m_PrefabInternal: {fileID: 0}
  m_GameObject: {fileID: 208874726}
  m_Enabled: 1
  serializedVersion: 2
  m_ClearFlags: 1
  m_BackGroundColor: {r: 0.19215687, g: 0.3019608, b: 0.4745098, a: 0}
  m_projectionMatrixMode: 1
  m_SensorSize: {x: 36, y: 24}
  m_LensShift: {x: 0, y: 0}
  m_FocalLength: 50
  m_NormalizedViewPortRect:
    serializedVersion: 2
    x: 0
    y: 0
    width: 1
    height: 1
  near clip plane: 0.3
  far clip plane: 1000
  field of view: 60
  orthographic: 0
  orthographic size: 5
  m_Depth: -1
  m_CullingMask:
    serializedVersion: 2
    m_Bits: 4294967295
  m_RenderingPath: -1
  m_TargetTexture: {fileID: 0}
  m_TargetDisplay: 0
  m_TargetEye: 3
  m_HDR: 1
  m_AllowMSAA: 1
  m_AllowDynamicResolution: 0
  m_ForceIntoRT: 0
  m_OcclusionCulling: 1
  m_StereoConvergence: 10
  m_StereoSeparation: 0.022
--- !u!4 &208874729
Transform:
  m_ObjectHideFlags: 0
  m_CorrespondingSourceObject: {fileID: 0}
  m_PrefabInternal: {fileID: 0}
  m_GameObject: {fileID: 208874726}
  m_LocalRotation: {x: -0.28753126, y: 0.3220244, z: -0.10333086, w: -0.8960741}
  m_LocalPosition: {x: 416.22687, y: 131.03145, z: -9.027485}
  m_LocalScale: {x: 1, y: 1, z: 1}
  m_Children: []
  m_Father: {fileID: 0}
  m_RootOrder: 0
  m_LocalEulerAnglesHint: {x: 0, y: 0, z: 0}
--- !u!1001 &548755170
Prefab:
  m_ObjectHideFlags: 0
  serializedVersion: 2
  m_Modification:
    m_TransformParent: {fileID: 0}
    m_Modifications:
    - target: {fileID: 4710617781031818, guid: b225b4ddb708b7c4e820abaf56de8663, type: 2}
      propertyPath: m_LocalPosition.x
      value: 410.05
      objectReference: {fileID: 0}
    - target: {fileID: 4710617781031818, guid: b225b4ddb708b7c4e820abaf56de8663, type: 2}
      propertyPath: m_LocalPosition.y
      value: 126.47
      objectReference: {fileID: 0}
    - target: {fileID: 4710617781031818, guid: b225b4ddb708b7c4e820abaf56de8663, type: 2}
      propertyPath: m_LocalPosition.z
      value: 2.521021
      objectReference: {fileID: 0}
    - target: {fileID: 4710617781031818, guid: b225b4ddb708b7c4e820abaf56de8663, type: 2}
      propertyPath: m_LocalRotation.x
      value: 0
      objectReference: {fileID: 0}
    - target: {fileID: 4710617781031818, guid: b225b4ddb708b7c4e820abaf56de8663, type: 2}
      propertyPath: m_LocalRotation.y
      value: 0
      objectReference: {fileID: 0}
    - target: {fileID: 4710617781031818, guid: b225b4ddb708b7c4e820abaf56de8663, type: 2}
      propertyPath: m_LocalRotation.z
      value: 0
      objectReference: {fileID: 0}
    - target: {fileID: 4710617781031818, guid: b225b4ddb708b7c4e820abaf56de8663, type: 2}
      propertyPath: m_LocalRotation.w
      value: 1
      objectReference: {fileID: 0}
    - target: {fileID: 4710617781031818, guid: b225b4ddb708b7c4e820abaf56de8663, type: 2}
      propertyPath: m_RootOrder
      value: 6
      objectReference: {fileID: 0}
    - target: {fileID: 1148412374390640, guid: b225b4ddb708b7c4e820abaf56de8663, type: 2}
      propertyPath: m_Name
      value: Ladrillo (2)
      objectReference: {fileID: 0}
    m_RemovedComponents: []
  m_SourcePrefab: {fileID: 100100000, guid: b225b4ddb708b7c4e820abaf56de8663, type: 2}
  m_IsPrefabAsset: 0
--- !u!1 &678327122
GameObject:
  m_ObjectHideFlags: 0
  m_CorrespondingSourceObject: {fileID: 0}
  m_PrefabInternal: {fileID: 0}
  serializedVersion: 6
  m_Component:
  - component: {fileID: 678327127}
  - component: {fileID: 678327126}
  - component: {fileID: 678327125}
  - component: {fileID: 678327124}
  - component: {fileID: 678327123}
  m_Layer: 0
  m_Name: El Chismoso
  m_TagString: Untagged
  m_Icon: {fileID: 0}
  m_NavMeshLayer: 0
  m_StaticEditorFlags: 0
  m_IsActive: 1
--- !u!114 &678327123
MonoBehaviour:
  m_ObjectHideFlags: 0
  m_CorrespondingSourceObject: {fileID: 0}
  m_PrefabInternal: {fileID: 0}
  m_GameObject: {fileID: 678327122}
  m_Enabled: 1
  m_EditorHideFlags: 0
  m_Script: {fileID: 11500000, guid: bdd61ea4387b50241aee5bac3caeb674, type: 3}
  m_Name: 
  m_EditorClassIdentifier: 
  objetivo: {fileID: 809199775}
--- !u!65 &678327124
BoxCollider:
  m_ObjectHideFlags: 0
  m_CorrespondingSourceObject: {fileID: 0}
  m_PrefabInternal: {fileID: 0}
  m_GameObject: {fileID: 678327122}
  m_Material: {fileID: 0}
  m_IsTrigger: 0
  m_Enabled: 1
  serializedVersion: 2
  m_Size: {x: 1, y: 1, z: 1}
  m_Center: {x: 0, y: 0, z: 0}
--- !u!23 &678327125
MeshRenderer:
  m_ObjectHideFlags: 0
  m_CorrespondingSourceObject: {fileID: 0}
  m_PrefabInternal: {fileID: 0}
  m_GameObject: {fileID: 678327122}
  m_Enabled: 1
  m_CastShadows: 1
  m_ReceiveShadows: 1
  m_DynamicOccludee: 1
  m_MotionVectors: 1
  m_LightProbeUsage: 1
  m_ReflectionProbeUsage: 1
  m_RenderingLayerMask: 4294967295
  m_Materials:
  - {fileID: 10303, guid: 0000000000000000f000000000000000, type: 0}
  m_StaticBatchInfo:
    firstSubMesh: 0
    subMeshCount: 0
  m_StaticBatchRoot: {fileID: 0}
  m_ProbeAnchor: {fileID: 0}
  m_LightProbeVolumeOverride: {fileID: 0}
  m_ScaleInLightmap: 1
  m_PreserveUVs: 0
  m_IgnoreNormalsForChartDetection: 0
  m_ImportantGI: 0
  m_StitchLightmapSeams: 0
  m_SelectedEditorRenderState: 3
  m_MinimumChartSize: 4
  m_AutoUVMaxDistance: 0.5
  m_AutoUVMaxAngle: 89
  m_LightmapParameters: {fileID: 0}
  m_SortingLayerID: 0
  m_SortingLayer: 0
  m_SortingOrder: 0
--- !u!33 &678327126
MeshFilter:
  m_ObjectHideFlags: 0
  m_CorrespondingSourceObject: {fileID: 0}
  m_PrefabInternal: {fileID: 0}
  m_GameObject: {fileID: 678327122}
  m_Mesh: {fileID: 10202, guid: 0000000000000000e000000000000000, type: 0}
--- !u!4 &678327127
Transform:
  m_ObjectHideFlags: 0
  m_CorrespondingSourceObject: {fileID: 0}
  m_PrefabInternal: {fileID: 0}
  m_GameObject: {fileID: 678327122}
  m_LocalRotation: {x: 0, y: 0, z: 0, w: 1}
  m_LocalPosition: {x: 398.84, y: 125.57, z: 2.521021}
  m_LocalScale: {x: 1, y: 1, z: 1}
  m_Children: []
  m_Father: {fileID: 0}
  m_RootOrder: 19
  m_LocalEulerAnglesHint: {x: 0, y: 0, z: 0}
--- !u!1001 &715798081
Prefab:
  m_ObjectHideFlags: 0
  serializedVersion: 2
  m_Modification:
    m_TransformParent: {fileID: 0}
    m_Modifications:
    - target: {fileID: 4710617781031818, guid: b225b4ddb708b7c4e820abaf56de8663, type: 2}
      propertyPath: m_LocalPosition.x
      value: 410.82
      objectReference: {fileID: 0}
    - target: {fileID: 4710617781031818, guid: b225b4ddb708b7c4e820abaf56de8663, type: 2}
      propertyPath: m_LocalPosition.y
      value: 127.66
      objectReference: {fileID: 0}
    - target: {fileID: 4710617781031818, guid: b225b4ddb708b7c4e820abaf56de8663, type: 2}
      propertyPath: m_LocalPosition.z
      value: 2.521021
      objectReference: {fileID: 0}
    - target: {fileID: 4710617781031818, guid: b225b4ddb708b7c4e820abaf56de8663, type: 2}
      propertyPath: m_LocalRotation.x
      value: 0
      objectReference: {fileID: 0}
    - target: {fileID: 4710617781031818, guid: b225b4ddb708b7c4e820abaf56de8663, type: 2}
      propertyPath: m_LocalRotation.y
      value: 0
      objectReference: {fileID: 0}
    - target: {fileID: 4710617781031818, guid: b225b4ddb708b7c4e820abaf56de8663, type: 2}
      propertyPath: m_LocalRotation.z
      value: 0
      objectReference: {fileID: 0}
    - target: {fileID: 4710617781031818, guid: b225b4ddb708b7c4e820abaf56de8663, type: 2}
      propertyPath: m_LocalRotation.w
      value: 1
      objectReference: {fileID: 0}
    - target: {fileID: 4710617781031818, guid: b225b4ddb708b7c4e820abaf56de8663, type: 2}
      propertyPath: m_RootOrder
      value: 11
      objectReference: {fileID: 0}
    - target: {fileID: 1148412374390640, guid: b225b4ddb708b7c4e820abaf56de8663, type: 2}
      propertyPath: m_Name
      value: Ladrillo (7)
      objectReference: {fileID: 0}
    m_RemovedComponents: []
  m_SourcePrefab: {fileID: 100100000, guid: b225b4ddb708b7c4e820abaf56de8663, type: 2}
  m_IsPrefabAsset: 0
--- !u!1001 &728116446
Prefab:
  m_ObjectHideFlags: 0
  serializedVersion: 2
  m_Modification:
    m_TransformParent: {fileID: 0}
    m_Modifications:
    - target: {fileID: 4710617781031818, guid: b225b4ddb708b7c4e820abaf56de8663, type: 2}
      propertyPath: m_LocalPosition.x
      value: 405.88
      objectReference: {fileID: 0}
    - target: {fileID: 4710617781031818, guid: b225b4ddb708b7c4e820abaf56de8663, type: 2}
      propertyPath: m_LocalPosition.y
      value: 128.75
      objectReference: {fileID: 0}
    - target: {fileID: 4710617781031818, guid: b225b4ddb708b7c4e820abaf56de8663, type: 2}
      propertyPath: m_LocalPosition.z
      value: 2.521021
      objectReference: {fileID: 0}
    - target: {fileID: 4710617781031818, guid: b225b4ddb708b7c4e820abaf56de8663, type: 2}
      propertyPath: m_LocalRotation.x
      value: 0
      objectReference: {fileID: 0}
    - target: {fileID: 4710617781031818, guid: b225b4ddb708b7c4e820abaf56de8663, type: 2}
      propertyPath: m_LocalRotation.y
      value: 0
      objectReference: {fileID: 0}
    - target: {fileID: 4710617781031818, guid: b225b4ddb708b7c4e820abaf56de8663, type: 2}
      propertyPath: m_LocalRotation.z
      value: 0
      objectReference: {fileID: 0}
    - target: {fileID: 4710617781031818, guid: b225b4ddb708b7c4e820abaf56de8663, type: 2}
      propertyPath: m_LocalRotation.w
      value: 1
      objectReference: {fileID: 0}
    - target: {fileID: 4710617781031818, guid: b225b4ddb708b7c4e820abaf56de8663, type: 2}
      propertyPath: m_RootOrder
      value: 18
      objectReference: {fileID: 0}
    - target: {fileID: 1148412374390640, guid: b225b4ddb708b7c4e820abaf56de8663, type: 2}
      propertyPath: m_Name
      value: Ladrillo (14)
      objectReference: {fileID: 0}
    m_RemovedComponents: []
  m_SourcePrefab: {fileID: 100100000, guid: b225b4ddb708b7c4e820abaf56de8663, type: 2}
  m_IsPrefabAsset: 0
--- !u!1 &809199771
GameObject:
  m_ObjectHideFlags: 0
  m_CorrespondingSourceObject: {fileID: 0}
  m_PrefabInternal: {fileID: 0}
  serializedVersion: 6
  m_Component:
  - component: {fileID: 809199775}
  - component: {fileID: 809199774}
  - component: {fileID: 809199773}
  - component: {fileID: 809199772}
  - component: {fileID: 809199776}
  m_Layer: 0
  m_Name: Sphere
  m_TagString: Untagged
  m_Icon: {fileID: 0}
  m_NavMeshLayer: 0
  m_StaticEditorFlags: 0
  m_IsActive: 1
--- !u!135 &809199772
SphereCollider:
  m_ObjectHideFlags: 0
  m_CorrespondingSourceObject: {fileID: 0}
  m_PrefabInternal: {fileID: 0}
  m_GameObject: {fileID: 809199771}
  m_Material: {fileID: 0}
  m_IsTrigger: 0
  m_Enabled: 1
  serializedVersion: 2
  m_Radius: 0.5
  m_Center: {x: 0, y: 0, z: 0}
--- !u!23 &809199773
MeshRenderer:
  m_ObjectHideFlags: 0
  m_CorrespondingSourceObject: {fileID: 0}
  m_PrefabInternal: {fileID: 0}
  m_GameObject: {fileID: 809199771}
  m_Enabled: 1
  m_CastShadows: 1
  m_ReceiveShadows: 1
  m_DynamicOccludee: 1
  m_MotionVectors: 1
  m_LightProbeUsage: 1
  m_ReflectionProbeUsage: 1
  m_RenderingLayerMask: 4294967295
  m_Materials:
  - {fileID: 2100000, guid: 6c404adfd424fe446a9c8e35c98f73f6, type: 2}
  m_StaticBatchInfo:
    firstSubMesh: 0
    subMeshCount: 0
  m_StaticBatchRoot: {fileID: 0}
  m_ProbeAnchor: {fileID: 0}
  m_LightProbeVolumeOverride: {fileID: 0}
  m_ScaleInLightmap: 1
  m_PreserveUVs: 0
  m_IgnoreNormalsForChartDetection: 0
  m_ImportantGI: 0
  m_StitchLightmapSeams: 0
  m_SelectedEditorRenderState: 3
  m_MinimumChartSize: 4
  m_AutoUVMaxDistance: 0.5
  m_AutoUVMaxAngle: 89
  m_LightmapParameters: {fileID: 0}
  m_SortingLayerID: 0
  m_SortingLayer: 0
  m_SortingOrder: 0
--- !u!33 &809199774
MeshFilter:
  m_ObjectHideFlags: 0
  m_CorrespondingSourceObject: {fileID: 0}
  m_PrefabInternal: {fileID: 0}
  m_GameObject: {fileID: 809199771}
  m_Mesh: {fileID: 10207, guid: 0000000000000000e000000000000000, type: 0}
--- !u!4 &809199775
Transform:
  m_ObjectHideFlags: 0
  m_CorrespondingSourceObject: {fileID: 0}
  m_PrefabInternal: {fileID: 0}
  m_GameObject: {fileID: 809199771}
  m_LocalRotation: {x: 0.33336, y: -0, z: -0, w: 0.9427996}
  m_LocalPosition: {x: 412.08, y: 125.11, z: -4.26}
  m_LocalScale: {x: 1, y: 1, z: 1}
  m_Children:
  - {fileID: 1035534627}
  - {fileID: 1716574274}
  m_Father: {fileID: 0}
  m_RootOrder: 3
  m_LocalEulerAnglesHint: {x: 38.946003, y: 0, z: 0}
--- !u!114 &809199776
MonoBehaviour:
  m_ObjectHideFlags: 0
  m_CorrespondingSourceObject: {fileID: 0}
  m_PrefabInternal: {fileID: 0}
  m_GameObject: {fileID: 809199771}
  m_Enabled: 1
  m_EditorHideFlags: 0
  m_Script: {fileID: 11500000, guid: 8fd61fb87f105e8489b769e35a774a3f, type: 3}
  m_Name: 
  m_EditorClassIdentifier: 
  original: {fileID: 1605186175378400, guid: 657d697824a2d2145a1ed38e0557bc88, type: 2}
  referencia: {fileID: 1716574274}
--- !u!1001 &878659956
Prefab:
  m_ObjectHideFlags: 0
  serializedVersion: 2
  m_Modification:
    m_TransformParent: {fileID: 0}
    m_Modifications:
    - target: {fileID: 4710617781031818, guid: b225b4ddb708b7c4e820abaf56de8663, type: 2}
      propertyPath: m_LocalPosition.x
      value: 412.2
      objectReference: {fileID: 0}
    - target: {fileID: 4710617781031818, guid: b225b4ddb708b7c4e820abaf56de8663, type: 2}
      propertyPath: m_LocalPosition.y
      value: 127.66
      objectReference: {fileID: 0}
    - target: {fileID: 4710617781031818, guid: b225b4ddb708b7c4e820abaf56de8663, type: 2}
      propertyPath: m_LocalPosition.z
      value: 2.521021
      objectReference: {fileID: 0}
    - target: {fileID: 4710617781031818, guid: b225b4ddb708b7c4e820abaf56de8663, type: 2}
      propertyPath: m_LocalRotation.x
      value: 0
      objectReference: {fileID: 0}
    - target: {fileID: 4710617781031818, guid: b225b4ddb708b7c4e820abaf56de8663, type: 2}
      propertyPath: m_LocalRotation.y
      value: 0
      objectReference: {fileID: 0}
    - target: {fileID: 4710617781031818, guid: b225b4ddb708b7c4e820abaf56de8663, type: 2}
      propertyPath: m_LocalRotation.z
      value: 0
      objectReference: {fileID: 0}
    - target: {fileID: 4710617781031818, guid: b225b4ddb708b7c4e820abaf56de8663, type: 2}
      propertyPath: m_LocalRotation.w
      value: 1
      objectReference: {fileID: 0}
    - target: {fileID: 4710617781031818, guid: b225b4ddb708b7c4e820abaf56de8663, type: 2}
      propertyPath: m_RootOrder
      value: 12
      objectReference: {fileID: 0}
    - target: {fileID: 1148412374390640, guid: b225b4ddb708b7c4e820abaf56de8663, type: 2}
      propertyPath: m_Name
      value: Ladrillo (8)
      objectReference: {fileID: 0}
    m_RemovedComponents: []
  m_SourcePrefab: {fileID: 100100000, guid: b225b4ddb708b7c4e820abaf56de8663, type: 2}
  m_IsPrefabAsset: 0
--- !u!1001 &948627188
Prefab:
  m_ObjectHideFlags: 0
  serializedVersion: 2
  m_Modification:
    m_TransformParent: {fileID: 0}
    m_Modifications:
    - target: {fileID: 4710617781031818, guid: b225b4ddb708b7c4e820abaf56de8663, type: 2}
      propertyPath: m_LocalPosition.x
      value: 410.16
      objectReference: {fileID: 0}
    - target: {fileID: 4710617781031818, guid: b225b4ddb708b7c4e820abaf56de8663, type: 2}
      propertyPath: m_LocalPosition.y
      value: 128.75
      objectReference: {fileID: 0}
    - target: {fileID: 4710617781031818, guid: b225b4ddb708b7c4e820abaf56de8663, type: 2}
      propertyPath: m_LocalPosition.z
      value: 2.521021
      objectReference: {fileID: 0}
    - target: {fileID: 4710617781031818, guid: b225b4ddb708b7c4e820abaf56de8663, type: 2}
      propertyPath: m_LocalRotation.x
      value: 0
      objectReference: {fileID: 0}
    - target: {fileID: 4710617781031818, guid: b225b4ddb708b7c4e820abaf56de8663, type: 2}
      propertyPath: m_LocalRotation.y
      value: 0
      objectReference: {fileID: 0}
    - target: {fileID: 4710617781031818, guid: b225b4ddb708b7c4e820abaf56de8663, type: 2}
      propertyPath: m_LocalRotation.z
      value: 0
      objectReference: {fileID: 0}
    - target: {fileID: 4710617781031818, guid: b225b4ddb708b7c4e820abaf56de8663, type: 2}
      propertyPath: m_LocalRotation.w
      value: 1
      objectReference: {fileID: 0}
    - target: {fileID: 4710617781031818, guid: b225b4ddb708b7c4e820abaf56de8663, type: 2}
      propertyPath: m_RootOrder
      value: 16
      objectReference: {fileID: 0}
    - target: {fileID: 1148412374390640, guid: b225b4ddb708b7c4e820abaf56de8663, type: 2}
      propertyPath: m_Name
      value: Ladrillo (12)
      objectReference: {fileID: 0}
    m_RemovedComponents: []
  m_SourcePrefab: {fileID: 100100000, guid: b225b4ddb708b7c4e820abaf56de8663, type: 2}
  m_IsPrefabAsset: 0
--- !u!1 &1035534626
GameObject:
  m_ObjectHideFlags: 0
  m_CorrespondingSourceObject: {fileID: 0}
  m_PrefabInternal: {fileID: 0}
  serializedVersion: 6
  m_Component:
  - component: {fileID: 1035534627}
  - component: {fileID: 1035534630}
  - component: {fileID: 1035534629}
  - component: {fileID: 1035534628}
  m_Layer: 0
  m_Name: Cylinder
  m_TagString: Untagged
  m_Icon: {fileID: 0}
  m_NavMeshLayer: 0
  m_StaticEditorFlags: 0
  m_IsActive: 1
--- !u!4 &1035534627
Transform:
  m_ObjectHideFlags: 0
  m_CorrespondingSourceObject: {fileID: 0}
  m_PrefabInternal: {fileID: 0}
  m_GameObject: {fileID: 1035534626}
  m_LocalRotation: {x: -0, y: -0, z: -0, w: 1}
  m_LocalPosition: {x: 0, y: 0.7099991, z: 0}
  m_LocalScale: {x: 0.45121428, y: 0.45121428, z: 0.45121428}
  m_Children: []
  m_Father: {fileID: 809199775}
  m_RootOrder: 0
  m_LocalEulerAnglesHint: {x: 0, y: 0, z: 0}
--- !u!136 &1035534628
CapsuleCollider:
  m_ObjectHideFlags: 0
  m_CorrespondingSourceObject: {fileID: 0}
  m_PrefabInternal: {fileID: 0}
  m_GameObject: {fileID: 1035534626}
  m_Material: {fileID: 0}
  m_IsTrigger: 0
  m_Enabled: 1
  m_Radius: 0.5000001
  m_Height: 2
  m_Direction: 1
  m_Center: {x: 0.000000059604645, y: 0, z: -0.00000008940697}
--- !u!23 &1035534629
MeshRenderer:
  m_ObjectHideFlags: 0
  m_CorrespondingSourceObject: {fileID: 0}
  m_PrefabInternal: {fileID: 0}
  m_GameObject: {fileID: 1035534626}
  m_Enabled: 1
  m_CastShadows: 1
  m_ReceiveShadows: 1
  m_DynamicOccludee: 1
  m_MotionVectors: 1
  m_LightProbeUsage: 1
  m_ReflectionProbeUsage: 1
  m_RenderingLayerMask: 4294967295
  m_Materials:
  - {fileID: 2100000, guid: 6c404adfd424fe446a9c8e35c98f73f6, type: 2}
  m_StaticBatchInfo:
    firstSubMesh: 0
    subMeshCount: 0
  m_StaticBatchRoot: {fileID: 0}
  m_ProbeAnchor: {fileID: 0}
  m_LightProbeVolumeOverride: {fileID: 0}
  m_ScaleInLightmap: 1
  m_PreserveUVs: 0
  m_IgnoreNormalsForChartDetection: 0
  m_ImportantGI: 0
  m_StitchLightmapSeams: 0
  m_SelectedEditorRenderState: 3
  m_MinimumChartSize: 4
  m_AutoUVMaxDistance: 0.5
  m_AutoUVMaxAngle: 89
  m_LightmapParameters: {fileID: 0}
  m_SortingLayerID: 0
  m_SortingLayer: 0
  m_SortingOrder: 0
--- !u!33 &1035534630
MeshFilter:
  m_ObjectHideFlags: 0
  m_CorrespondingSourceObject: {fileID: 0}
  m_PrefabInternal: {fileID: 0}
  m_GameObject: {fileID: 1035534626}
  m_Mesh: {fileID: 10206, guid: 0000000000000000e000000000000000, type: 0}
--- !u!1001 &1150097675
Prefab:
  m_ObjectHideFlags: 0
  serializedVersion: 2
  m_Modification:
    m_TransformParent: {fileID: 0}
    m_Modifications:
    - target: {fileID: 4710617781031818, guid: b225b4ddb708b7c4e820abaf56de8663, type: 2}
      propertyPath: m_LocalPosition.x
      value: 411.54
      objectReference: {fileID: 0}
    - target: {fileID: 4710617781031818, guid: b225b4ddb708b7c4e820abaf56de8663, type: 2}
      propertyPath: m_LocalPosition.y
      value: 128.75
      objectReference: {fileID: 0}
    - target: {fileID: 4710617781031818, guid: b225b4ddb708b7c4e820abaf56de8663, type: 2}
      propertyPath: m_LocalPosition.z
      value: 2.521021
      objectReference: {fileID: 0}
    - target: {fileID: 4710617781031818, guid: b225b4ddb708b7c4e820abaf56de8663, type: 2}
      propertyPath: m_LocalRotation.x
      value: 0
      objectReference: {fileID: 0}
    - target: {fileID: 4710617781031818, guid: b225b4ddb708b7c4e820abaf56de8663, type: 2}
      propertyPath: m_LocalRotation.y
      value: 0
      objectReference: {fileID: 0}
    - target: {fileID: 4710617781031818, guid: b225b4ddb708b7c4e820abaf56de8663, type: 2}
      propertyPath: m_LocalRotation.z
      value: 0
      objectReference: {fileID: 0}
    - target: {fileID: 4710617781031818, guid: b225b4ddb708b7c4e820abaf56de8663, type: 2}
      propertyPath: m_LocalRotation.w
      value: 1
      objectReference: {fileID: 0}
    - target: {fileID: 4710617781031818, guid: b225b4ddb708b7c4e820abaf56de8663, type: 2}
      propertyPath: m_RootOrder
      value: 17
      objectReference: {fileID: 0}
    - target: {fileID: 1148412374390640, guid: b225b4ddb708b7c4e820abaf56de8663, type: 2}
      propertyPath: m_Name
      value: Ladrillo (13)
      objectReference: {fileID: 0}
    m_RemovedComponents: []
  m_SourcePrefab: {fileID: 100100000, guid: b225b4ddb708b7c4e820abaf56de8663, type: 2}
  m_IsPrefabAsset: 0
--- !u!1 &1207221516
GameObject:
  m_ObjectHideFlags: 0
  m_CorrespondingSourceObject: {fileID: 0}
  m_PrefabInternal: {fileID: 0}
  serializedVersion: 6
  m_Component:
  - component: {fileID: 1207221520}
  - component: {fileID: 1207221519}
  - component: {fileID: 1207221518}
  - component: {fileID: 1207221517}
  m_Layer: 9
  m_Name: Cube
  m_TagString: Untagged
  m_Icon: {fileID: 0}
  m_NavMeshLayer: 0
  m_StaticEditorFlags: 0
  m_IsActive: 1
--- !u!65 &1207221517
BoxCollider:
  m_ObjectHideFlags: 0
  m_CorrespondingSourceObject: {fileID: 0}
  m_PrefabInternal: {fileID: 0}
  m_GameObject: {fileID: 1207221516}
  m_Material: {fileID: 0}
  m_IsTrigger: 0
  m_Enabled: 1
  serializedVersion: 2
  m_Size: {x: 1, y: 1, z: 1}
  m_Center: {x: 0, y: 0, z: 0}
--- !u!23 &1207221518
MeshRenderer:
  m_ObjectHideFlags: 0
  m_CorrespondingSourceObject: {fileID: 0}
  m_PrefabInternal: {fileID: 0}
  m_GameObject: {fileID: 1207221516}
  m_Enabled: 1
  m_CastShadows: 1
  m_ReceiveShadows: 1
  m_DynamicOccludee: 1
  m_MotionVectors: 1
  m_LightProbeUsage: 1
  m_ReflectionProbeUsage: 1
  m_RenderingLayerMask: 4294967295
  m_Materials:
  - {fileID: 2100000, guid: 1dcdd698b07eaaf418f0e37423db1fb6, type: 2}
  m_StaticBatchInfo:
    firstSubMesh: 0
    subMeshCount: 0
  m_StaticBatchRoot: {fileID: 0}
  m_ProbeAnchor: {fileID: 0}
  m_LightProbeVolumeOverride: {fileID: 0}
  m_ScaleInLightmap: 1
  m_PreserveUVs: 0
  m_IgnoreNormalsForChartDetection: 0
  m_ImportantGI: 0
  m_StitchLightmapSeams: 0
  m_SelectedEditorRenderState: 3
  m_MinimumChartSize: 4
  m_AutoUVMaxDistance: 0.5
  m_AutoUVMaxAngle: 89
  m_LightmapParameters: {fileID: 0}
  m_SortingLayerID: 0
  m_SortingLayer: 0
  m_SortingOrder: 0
--- !u!33 &1207221519
MeshFilter:
  m_ObjectHideFlags: 0
  m_CorrespondingSourceObject: {fileID: 0}
  m_PrefabInternal: {fileID: 0}
  m_GameObject: {fileID: 1207221516}
  m_Mesh: {fileID: 10202, guid: 0000000000000000e000000000000000, type: 0}
--- !u!4 &1207221520
Transform:
  m_ObjectHideFlags: 0
  m_CorrespondingSourceObject: {fileID: 0}
  m_PrefabInternal: {fileID: 0}
  m_GameObject: {fileID: 1207221516}
  m_LocalRotation: {x: 0, y: 0, z: 0, w: 1}
  m_LocalPosition: {x: 408, y: 124.5, z: 0}
  m_LocalScale: {x: 10, y: 1, z: 10}
  m_Children: []
  m_Father: {fileID: 0}
  m_RootOrder: 2
  m_LocalEulerAnglesHint: {x: 0, y: 0, z: 0}
--- !u!1001 &1316108952
Prefab:
  m_ObjectHideFlags: 0
  serializedVersion: 2
  m_Modification:
    m_TransformParent: {fileID: 0}
    m_Modifications:
    - target: {fileID: 4710617781031818, guid: b225b4ddb708b7c4e820abaf56de8663, type: 2}
      propertyPath: m_LocalPosition.x
      value: 408.06003
      objectReference: {fileID: 0}
    - target: {fileID: 4710617781031818, guid: b225b4ddb708b7c4e820abaf56de8663, type: 2}
      propertyPath: m_LocalPosition.y
      value: 127.66
      objectReference: {fileID: 0}
    - target: {fileID: 4710617781031818, guid: b225b4ddb708b7c4e820abaf56de8663, type: 2}
      propertyPath: m_LocalPosition.z
      value: 2.521021
      objectReference: {fileID: 0}
    - target: {fileID: 4710617781031818, guid: b225b4ddb708b7c4e820abaf56de8663, type: 2}
      propertyPath: m_LocalRotation.x
      value: 0
      objectReference: {fileID: 0}
    - target: {fileID: 4710617781031818, guid: b225b4ddb708b7c4e820abaf56de8663, type: 2}
      propertyPath: m_LocalRotation.y
      value: 0
      objectReference: {fileID: 0}
    - target: {fileID: 4710617781031818, guid: b225b4ddb708b7c4e820abaf56de8663, type: 2}
      propertyPath: m_LocalRotation.z
      value: 0
      objectReference: {fileID: 0}
    - target: {fileID: 4710617781031818, guid: b225b4ddb708b7c4e820abaf56de8663, type: 2}
      propertyPath: m_LocalRotation.w
      value: 1
      objectReference: {fileID: 0}
    - target: {fileID: 4710617781031818, guid: b225b4ddb708b7c4e820abaf56de8663, type: 2}
      propertyPath: m_RootOrder
      value: 9
      objectReference: {fileID: 0}
    - target: {fileID: 1148412374390640, guid: b225b4ddb708b7c4e820abaf56de8663, type: 2}
      propertyPath: m_Name
      value: Ladrillo (5)
      objectReference: {fileID: 0}
    m_RemovedComponents: []
  m_SourcePrefab: {fileID: 100100000, guid: b225b4ddb708b7c4e820abaf56de8663, type: 2}
  m_IsPrefabAsset: 0
--- !u!1001 &1536014775
Prefab:
  m_ObjectHideFlags: 0
  serializedVersion: 2
  m_Modification:
    m_TransformParent: {fileID: 0}
    m_Modifications:
    - target: {fileID: 4710617781031818, guid: b225b4ddb708b7c4e820abaf56de8663, type: 2}
      propertyPath: m_LocalPosition.x
      value: 406.54
      objectReference: {fileID: 0}
    - target: {fileID: 4710617781031818, guid: b225b4ddb708b7c4e820abaf56de8663, type: 2}
      propertyPath: m_LocalPosition.y
      value: 127.66
      objectReference: {fileID: 0}
    - target: {fileID: 4710617781031818, guid: b225b4ddb708b7c4e820abaf56de8663, type: 2}
      propertyPath: m_LocalPosition.z
      value: 2.521021
      objectReference: {fileID: 0}
    - target: {fileID: 4710617781031818, guid: b225b4ddb708b7c4e820abaf56de8663, type: 2}
      propertyPath: m_LocalRotation.x
      value: 0
      objectReference: {fileID: 0}
    - target: {fileID: 4710617781031818, guid: b225b4ddb708b7c4e820abaf56de8663, type: 2}
      propertyPath: m_LocalRotation.y
      value: 0
      objectReference: {fileID: 0}
    - target: {fileID: 4710617781031818, guid: b225b4ddb708b7c4e820abaf56de8663, type: 2}
      propertyPath: m_LocalRotation.z
      value: 0
      objectReference: {fileID: 0}
    - target: {fileID: 4710617781031818, guid: b225b4ddb708b7c4e820abaf56de8663, type: 2}
      propertyPath: m_LocalRotation.w
      value: 1
      objectReference: {fileID: 0}
    - target: {fileID: 4710617781031818, guid: b225b4ddb708b7c4e820abaf56de8663, type: 2}
      propertyPath: m_RootOrder
      value: 13
      objectReference: {fileID: 0}
    - target: {fileID: 1148412374390640, guid: b225b4ddb708b7c4e820abaf56de8663, type: 2}
      propertyPath: m_Name
      value: Ladrillo (9)
      objectReference: {fileID: 0}
    m_RemovedComponents: []
  m_SourcePrefab: {fileID: 100100000, guid: b225b4ddb708b7c4e820abaf56de8663, type: 2}
  m_IsPrefabAsset: 0
--- !u!1 &1716574273
GameObject:
  m_ObjectHideFlags: 0
  m_CorrespondingSourceObject: {fileID: 0}
  m_PrefabInternal: {fileID: 0}
  serializedVersion: 6
  m_Component:
  - component: {fileID: 1716574274}
  m_Layer: 0
  m_Name: referencia
  m_TagString: Untagged
  m_Icon: {fileID: 0}
  m_NavMeshLayer: 0
  m_StaticEditorFlags: 0
  m_IsActive: 1
--- !u!4 &1716574274
Transform:
  m_ObjectHideFlags: 0
  m_CorrespondingSourceObject: {fileID: 0}
  m_PrefabInternal: {fileID: 0}
  m_GameObject: {fileID: 1716574273}
  m_LocalRotation: {x: 0, y: 0, z: 0, w: 1}
  m_LocalPosition: {x: 0, y: 1.29, z: 0}
  m_LocalScale: {x: 1, y: 1, z: 1}
  m_Children: []
  m_Father: {fileID: 809199775}
  m_RootOrder: 1
  m_LocalEulerAnglesHint: {x: 0, y: 0, z: 0}
--- !u!1001 &1845392044
Prefab:
  m_ObjectHideFlags: 0
  serializedVersion: 2
  m_Modification:
    m_TransformParent: {fileID: 0}
    m_Modifications:
    - target: {fileID: 4710617781031818, guid: b225b4ddb708b7c4e820abaf56de8663, type: 2}
      propertyPath: m_LocalPosition.x
      value: 408.79
      objectReference: {fileID: 0}
    - target: {fileID: 4710617781031818, guid: b225b4ddb708b7c4e820abaf56de8663, type: 2}
      propertyPath: m_LocalPosition.y
      value: 128.75
      objectReference: {fileID: 0}
    - target: {fileID: 4710617781031818, guid: b225b4ddb708b7c4e820abaf56de8663, type: 2}
      propertyPath: m_LocalPosition.z
      value: 2.521021
      objectReference: {fileID: 0}
    - target: {fileID: 4710617781031818, guid: b225b4ddb708b7c4e820abaf56de8663, type: 2}
      propertyPath: m_LocalRotation.x
      value: 0
      objectReference: {fileID: 0}
    - target: {fileID: 4710617781031818, guid: b225b4ddb708b7c4e820abaf56de8663, type: 2}
      propertyPath: m_LocalRotation.y
      value: 0
      objectReference: {fileID: 0}
    - target: {fileID: 4710617781031818, guid: b225b4ddb708b7c4e820abaf56de8663, type: 2}
      propertyPath: m_LocalRotation.z
      value: 0
      objectReference: {fileID: 0}
    - target: {fileID: 4710617781031818, guid: b225b4ddb708b7c4e820abaf56de8663, type: 2}
      propertyPath: m_LocalRotation.w
      value: 1
      objectReference: {fileID: 0}
    - target: {fileID: 4710617781031818, guid: b225b4ddb708b7c4e820abaf56de8663, type: 2}
      propertyPath: m_RootOrder
      value: 15
      objectReference: {fileID: 0}
    - target: {fileID: 1148412374390640, guid: b225b4ddb708b7c4e820abaf56de8663, type: 2}
      propertyPath: m_Name
      value: Ladrillo (11)
      objectReference: {fileID: 0}
    m_RemovedComponents: []
  m_SourcePrefab: {fileID: 100100000, guid: b225b4ddb708b7c4e820abaf56de8663, type: 2}
  m_IsPrefabAsset: 0
--- !u!1001 &1874339639
Prefab:
  m_ObjectHideFlags: 0
  serializedVersion: 2
  m_Modification:
    m_TransformParent: {fileID: 0}
    m_Modifications:
    - target: {fileID: 4710617781031818, guid: b225b4ddb708b7c4e820abaf56de8663, type: 2}
      propertyPath: m_LocalPosition.x
      value: 407.29
      objectReference: {fileID: 0}
    - target: {fileID: 4710617781031818, guid: b225b4ddb708b7c4e820abaf56de8663, type: 2}
      propertyPath: m_LocalPosition.y
      value: 126.47
      objectReference: {fileID: 0}
    - target: {fileID: 4710617781031818, guid: b225b4ddb708b7c4e820abaf56de8663, type: 2}
      propertyPath: m_LocalPosition.z
      value: 2.521021
      objectReference: {fileID: 0}
    - target: {fileID: 4710617781031818, guid: b225b4ddb708b7c4e820abaf56de8663, type: 2}
      propertyPath: m_LocalRotation.x
      value: 0
      objectReference: {fileID: 0}
    - target: {fileID: 4710617781031818, guid: b225b4ddb708b7c4e820abaf56de8663, type: 2}
      propertyPath: m_LocalRotation.y
      value: 0
      objectReference: {fileID: 0}
    - target: {fileID: 4710617781031818, guid: b225b4ddb708b7c4e820abaf56de8663, type: 2}
      propertyPath: m_LocalRotation.z
      value: 0
      objectReference: {fileID: 0}
    - target: {fileID: 4710617781031818, guid: b225b4ddb708b7c4e820abaf56de8663, type: 2}
      propertyPath: m_LocalRotation.w
      value: 1
      objectReference: {fileID: 0}
    - target: {fileID: 4710617781031818, guid: b225b4ddb708b7c4e820abaf56de8663, type: 2}
      propertyPath: m_RootOrder
      value: 4
      objectReference: {fileID: 0}
    m_RemovedComponents: []
  m_SourcePrefab: {fileID: 100100000, guid: b225b4ddb708b7c4e820abaf56de8663, type: 2}
  m_IsPrefabAsset: 0
--- !u!1 &1980928790
GameObject:
  m_ObjectHideFlags: 0
  m_CorrespondingSourceObject: {fileID: 0}
  m_PrefabInternal: {fileID: 0}
  serializedVersion: 6
  m_Component:
  - component: {fileID: 1980928792}
  - component: {fileID: 1980928791}
  m_Layer: 0
  m_Name: Directional Light
  m_TagString: Untagged
  m_Icon: {fileID: 0}
  m_NavMeshLayer: 0
  m_StaticEditorFlags: 0
  m_IsActive: 1
--- !u!108 &1980928791
Light:
  m_ObjectHideFlags: 0
  m_CorrespondingSourceObject: {fileID: 0}
  m_PrefabInternal: {fileID: 0}
  m_GameObject: {fileID: 1980928790}
  m_Enabled: 1
  serializedVersion: 8
  m_Type: 1
  m_Color: {r: 1, g: 0.95686275, b: 0.8392157, a: 1}
  m_Intensity: 1
  m_Range: 10
  m_SpotAngle: 30
  m_CookieSize: 10
  m_Shadows:
    m_Type: 2
    m_Resolution: -1
    m_CustomResolution: -1
    m_Strength: 1
    m_Bias: 0.05
    m_NormalBias: 0.4
    m_NearPlane: 0.2
  m_Cookie: {fileID: 0}
  m_DrawHalo: 0
  m_Flare: {fileID: 0}
  m_RenderMode: 0
  m_CullingMask:
    serializedVersion: 2
    m_Bits: 4294967295
  m_Lightmapping: 4
  m_LightShadowCasterMode: 0
  m_AreaSize: {x: 1, y: 1}
  m_BounceIntensity: 1
  m_ColorTemperature: 6570
  m_UseColorTemperature: 0
  m_ShadowRadius: 0
  m_ShadowAngle: 0
--- !u!4 &1980928792
Transform:
  m_ObjectHideFlags: 0
  m_CorrespondingSourceObject: {fileID: 0}
  m_PrefabInternal: {fileID: 0}
  m_GameObject: {fileID: 1980928790}
  m_LocalRotation: {x: 0.40821788, y: -0.23456968, z: 0.10938163, w: 0.8754261}
  m_LocalPosition: {x: 0, y: 3, z: 0}
  m_LocalScale: {x: 1, y: 1, z: 1}
  m_Children: []
  m_Father: {fileID: 0}
  m_RootOrder: 1
  m_LocalEulerAnglesHint: {x: 50, y: -30, z: 0}
--- !u!1001 &2003084049
Prefab:
  m_ObjectHideFlags: 0
  serializedVersion: 2
  m_Modification:
    m_TransformParent: {fileID: 0}
    m_Modifications:
    - target: {fileID: 4710617781031818, guid: b225b4ddb708b7c4e820abaf56de8663, type: 2}
      propertyPath: m_LocalPosition.x
      value: 407.40002
      objectReference: {fileID: 0}
    - target: {fileID: 4710617781031818, guid: b225b4ddb708b7c4e820abaf56de8663, type: 2}
      propertyPath: m_LocalPosition.y
      value: 128.75
      objectReference: {fileID: 0}
    - target: {fileID: 4710617781031818, guid: b225b4ddb708b7c4e820abaf56de8663, type: 2}
      propertyPath: m_LocalPosition.z
      value: 2.521021
      objectReference: {fileID: 0}
    - target: {fileID: 4710617781031818, guid: b225b4ddb708b7c4e820abaf56de8663, type: 2}
      propertyPath: m_LocalRotation.x
      value: 0
      objectReference: {fileID: 0}
    - target: {fileID: 4710617781031818, guid: b225b4ddb708b7c4e820abaf56de8663, type: 2}
      propertyPath: m_LocalRotation.y
      value: 0
      objectReference: {fileID: 0}
    - target: {fileID: 4710617781031818, guid: b225b4ddb708b7c4e820abaf56de8663, type: 2}
      propertyPath: m_LocalRotation.z
      value: 0
      objectReference: {fileID: 0}
    - target: {fileID: 4710617781031818, guid: b225b4ddb708b7c4e820abaf56de8663, type: 2}
      propertyPath: m_LocalRotation.w
      value: 1
      objectReference: {fileID: 0}
    - target: {fileID: 4710617781031818, guid: b225b4ddb708b7c4e820abaf56de8663, type: 2}
      propertyPath: m_RootOrder
      value: 14
      objectReference: {fileID: 0}
    - target: {fileID: 1148412374390640, guid: b225b4ddb708b7c4e820abaf56de8663, type: 2}
      propertyPath: m_Name
      value: Ladrillo (10)
      objectReference: {fileID: 0}
    m_RemovedComponents: []
  m_SourcePrefab: {fileID: 100100000, guid: b225b4ddb708b7c4e820abaf56de8663, type: 2}
  m_IsPrefabAsset: 0
--- !u!1001 &2013557806
Prefab:
  m_ObjectHideFlags: 0
  serializedVersion: 2
  m_Modification:
    m_TransformParent: {fileID: 0}
    m_Modifications:
    - target: {fileID: 4710617781031818, guid: b225b4ddb708b7c4e820abaf56de8663, type: 2}
      propertyPath: m_LocalPosition.x
      value: 409.45
      objectReference: {fileID: 0}
    - target: {fileID: 4710617781031818, guid: b225b4ddb708b7c4e820abaf56de8663, type: 2}
      propertyPath: m_LocalPosition.y
      value: 127.66
      objectReference: {fileID: 0}
    - target: {fileID: 4710617781031818, guid: b225b4ddb708b7c4e820abaf56de8663, type: 2}
      propertyPath: m_LocalPosition.z
      value: 2.521021
      objectReference: {fileID: 0}
    - target: {fileID: 4710617781031818, guid: b225b4ddb708b7c4e820abaf56de8663, type: 2}
      propertyPath: m_LocalRotation.x
      value: 0
      objectReference: {fileID: 0}
    - target: {fileID: 4710617781031818, guid: b225b4ddb708b7c4e820abaf56de8663, type: 2}
      propertyPath: m_LocalRotation.y
      value: 0
      objectReference: {fileID: 0}
    - target: {fileID: 4710617781031818, guid: b225b4ddb708b7c4e820abaf56de8663, type: 2}
      propertyPath: m_LocalRotation.z
      value: 0
      objectReference: {fileID: 0}
    - target: {fileID: 4710617781031818, guid: b225b4ddb708b7c4e820abaf56de8663, type: 2}
      propertyPath: m_LocalRotation.w
      value: 1
      objectReference: {fileID: 0}
    - target: {fileID: 4710617781031818, guid: b225b4ddb708b7c4e820abaf56de8663, type: 2}
      propertyPath: m_RootOrder
      value: 10
      objectReference: {fileID: 0}
    - target: {fileID: 1148412374390640, guid: b225b4ddb708b7c4e820abaf56de8663, type: 2}
      propertyPath: m_Name
      value: Ladrillo (6)
      objectReference: {fileID: 0}
    m_RemovedComponents: []
  m_SourcePrefab: {fileID: 100100000, guid: b225b4ddb708b7c4e820abaf56de8663, type: 2}
  m_IsPrefabAsset: 0
--- !u!1001 &2068576417
Prefab:
  m_ObjectHideFlags: 0
  serializedVersion: 2
  m_Modification:
    m_TransformParent: {fileID: 0}
    m_Modifications:
    - target: {fileID: 4710617781031818, guid: b225b4ddb708b7c4e820abaf56de8663, type: 2}
      propertyPath: m_LocalPosition.x
      value: 411.43
      objectReference: {fileID: 0}
    - target: {fileID: 4710617781031818, guid: b225b4ddb708b7c4e820abaf56de8663, type: 2}
      propertyPath: m_LocalPosition.y
      value: 126.47
      objectReference: {fileID: 0}
    - target: {fileID: 4710617781031818, guid: b225b4ddb708b7c4e820abaf56de8663, type: 2}
      propertyPath: m_LocalPosition.z
      value: 2.521021
      objectReference: {fileID: 0}
    - target: {fileID: 4710617781031818, guid: b225b4ddb708b7c4e820abaf56de8663, type: 2}
      propertyPath: m_LocalRotation.x
      value: 0
      objectReference: {fileID: 0}
    - target: {fileID: 4710617781031818, guid: b225b4ddb708b7c4e820abaf56de8663, type: 2}
      propertyPath: m_LocalRotation.y
      value: 0
      objectReference: {fileID: 0}
    - target: {fileID: 4710617781031818, guid: b225b4ddb708b7c4e820abaf56de8663, type: 2}
      propertyPath: m_LocalRotation.z
      value: 0
      objectReference: {fileID: 0}
    - target: {fileID: 4710617781031818, guid: b225b4ddb708b7c4e820abaf56de8663, type: 2}
      propertyPath: m_LocalRotation.w
      value: 1
      objectReference: {fileID: 0}
    - target: {fileID: 4710617781031818, guid: b225b4ddb708b7c4e820abaf56de8663, type: 2}
      propertyPath: m_RootOrder
      value: 7
      objectReference: {fileID: 0}
    - target: {fileID: 1148412374390640, guid: b225b4ddb708b7c4e820abaf56de8663, type: 2}
      propertyPath: m_Name
      value: Ladrillo (3)
      objectReference: {fileID: 0}
    m_RemovedComponents: []
  m_SourcePrefab: {fileID: 100100000, guid: b225b4ddb708b7c4e820abaf56de8663, type: 2}
  m_IsPrefabAsset: 0
--- !u!1001 &2144079510
Prefab:
  m_ObjectHideFlags: 0
  serializedVersion: 2
  m_Modification:
    m_TransformParent: {fileID: 0}
    m_Modifications:
    - target: {fileID: 4710617781031818, guid: b225b4ddb708b7c4e820abaf56de8663, type: 2}
      propertyPath: m_LocalPosition.x
      value: 408.68
      objectReference: {fileID: 0}
    - target: {fileID: 4710617781031818, guid: b225b4ddb708b7c4e820abaf56de8663, type: 2}
      propertyPath: m_LocalPosition.y
      value: 126.47
      objectReference: {fileID: 0}
    - target: {fileID: 4710617781031818, guid: b225b4ddb708b7c4e820abaf56de8663, type: 2}
      propertyPath: m_LocalPosition.z
      value: 2.521021
      objectReference: {fileID: 0}
    - target: {fileID: 4710617781031818, guid: b225b4ddb708b7c4e820abaf56de8663, type: 2}
      propertyPath: m_LocalRotation.x
      value: 0
      objectReference: {fileID: 0}
    - target: {fileID: 4710617781031818, guid: b225b4ddb708b7c4e820abaf56de8663, type: 2}
      propertyPath: m_LocalRotation.y
      value: 0
      objectReference: {fileID: 0}
    - target: {fileID: 4710617781031818, guid: b225b4ddb708b7c4e820abaf56de8663, type: 2}
      propertyPath: m_LocalRotation.z
      value: 0
      objectReference: {fileID: 0}
    - target: {fileID: 4710617781031818, guid: b225b4ddb708b7c4e820abaf56de8663, type: 2}
      propertyPath: m_LocalRotation.w
      value: 1
      objectReference: {fileID: 0}
    - target: {fileID: 4710617781031818, guid: b225b4ddb708b7c4e820abaf56de8663, type: 2}
      propertyPath: m_RootOrder
      value: 5
      objectReference: {fileID: 0}
    - target: {fileID: 1148412374390640, guid: b225b4ddb708b7c4e820abaf56de8663, type: 2}
      propertyPath: m_Name
      value: Ladrillo (1)
      objectReference: {fileID: 0}
    m_RemovedComponents: []
  m_SourcePrefab: {fileID: 100100000, guid: b225b4ddb708b7c4e820abaf56de8663, type: 2}
  m_IsPrefabAsset: 0
